<?xml version="1.0" encoding="UTF-8"?><collection><record><leader>06082ntm a2200577 a 4500</leader><controlfield tag="001">006815133</controlfield><controlfield tag="003">MiAaHDL</controlfield><controlfield tag="005">20190719000000.0</controlfield><controlfield tag="006">m        d        </controlfield><controlfield tag="007">cr bn ---auaua</controlfield><controlfield tag="008">090610q15501551xx            00| ||ara d</controlfield><datafield tag="035" ind1=" " ind2=" "><subfield code="a">(MiU)006815133</subfield></datafield><datafield tag="035" ind1=" " ind2=" "><subfield code="a">sdr-miu006815133</subfield></datafield><datafield tag="040" ind1=" " ind2=" "><subfield code="a">MiU</subfield><subfield code="c">MiU</subfield><subfield code="e">amremm</subfield></datafield><datafield tag="043" ind1=" " ind2=" "><subfield code="a">n-us-mi</subfield></datafield><datafield tag="100" ind1="1" ind2=" "><subfield code="6">880-01</subfield><subfield code="a">Shīrāzī, Aḥmad ibn Muḥammad ibn Abī Bakr,</subfield><subfield code="d">fl. 1407.</subfield></datafield><datafield tag="240" ind1="1" ind2="0"><subfield code="6">880-02</subfield><subfield code="a">Nuzhat al-ṭālibīn wa-tuḥfat al-rāghibīn</subfield></datafield><datafield tag="245" ind1="1" ind2="0"><subfield code="6">880-03</subfield><subfield code="a">Kitāb Nuzhat al-ṭālibīn,</subfield><subfield code="f">[957, i.e. 1550 or 1551].</subfield></datafield><datafield tag="246" ind1="3" ind2=" "><subfield code="a">Sharḥ Qaṣīdat al-Burdah</subfield></datafield><datafield tag="260" ind1=" " ind2=" "><subfield code="c">[1550 or 1551].</subfield></datafield><datafield tag="300" ind1=" " ind2=" "><subfield code="a">48 leaves :</subfield><subfield code="b">paper ;</subfield><subfield code="c">226 x 155 (155 x 103) mm.</subfield></datafield><datafield tag="500" ind1=" " ind2=" "><subfield code="a">Shelfmark: Ann Arbor, University of Michigan, Special Collections Library, Isl. Ms. 639</subfield></datafield><datafield tag="500" ind1=" " ind2=" "><subfield code="a">Origin: As appears in colophon on p.95, copied by ʻAlī ibn Chak al-Sachdī [?] (Ali b. Çek es-Seçti) with transcription completed 957 [1550 or 51].</subfield></datafield><datafield tag="500" ind1=" " ind2=" "><subfield code="a">Accompanying materials: Acquisitions slip from Yahuda.</subfield></datafield><datafield tag="500" ind1=" " ind2=" "><subfield code="a">Former shelfmark: From interior of upper cover and label on lower cover "IL 390" (likely supplied by Yahuda, see acquisitions slip).</subfield></datafield><datafield tag="500" ind1=" " ind2=" "><subfield code="a">Binding: Pasteboards covered in marbled paper (mainly in blue, yellow and red) with brown leather over spine, fore edge flap, and edges/turn-ins (framed binding) ; Type II binding (with flap) ; board linings in olive green paper ; sewn in blue thread, two stations ; overall in fair condition with some abrasion, staining, lifting and losses of leather at board edges and fore edge flap, etc.</subfield></datafield><datafield tag="500" ind1=" " ind2=" "><subfield code="a">Support: non-European laid paper with 4-5 laid lines per cm. (vertical) and single chain lines (horizontal) spaced around 90 mm. apart ; quite cloudy formation, sturdy and well-burnished ; some staining and tide lines ; some repairs.</subfield></datafield><datafield tag="500" ind1=" " ind2=" "><subfield code="a">Decoration: Keywords, abbreviations (sigla), and vocalization (for the verses being commented upon) rubricated.</subfield></datafield><datafield tag="500" ind1=" " ind2=" "><subfield code="a">Script: Naskh ; compact Caucasian (Azeri) [?] hand ; virtually serifless with slight effect of tilt to left and of words descending to baseline, mainly closed counters, pointing in distinct dots, descenders mainly curvilinear.</subfield></datafield><datafield tag="500" ind1=" " ind2=" "><subfield code="a">Layout: Written in 23 lines per page.</subfield></datafield><datafield tag="500" ind1=" " ind2=" "><subfield code="a">Collation: VI-1 (7), 2 IV(23), I (25), 2 IV(41), III+1 (48) ; chiefly quaternions ; catchwords present ; pagination in pencil, Western numerals, supplied during digitization.</subfield></datafield><datafield tag="500" ind1=" " ind2=" "><subfield code="a">Colophon: "Scribal," triangular, reads "وقع الفراغ من تنميق هذه النسخة الشريفة المباركة المسماة بنزهة الطالبين يوم الثلاث [؟] وقت الظهر على يدي اضعف العباد واحقرهم عملا واكبرهم ذنبا واحوجهم الى غفران الله على بن چك السچدى في سنه سبع وخمسين وتسعمائة من هجرة النبي صلى الله [عليه وسلم] "</subfield></datafield><datafield tag="500" ind1=" " ind2=" "><subfield code="a">Explicit: "وبالنغم متعلق به والباء للاستعانة بلفظ الاستعانة ختم كتابنا ونستعين بالله على ان يختم اعمالنا بما نرجو به سعادة ما لنا وهو نعم النصير على امالنا"</subfield></datafield><datafield tag="500" ind1=" " ind2=" "><subfield code="a">Incipit: "الحمد لله نحمده ونستعينه ونعوذ بك من شرور انفسنا ومن سيئات اعمالنا ... فيقول احقر العباد وافقرهم المستعيذ بالله من عقابه الاليم احمد بن محمد بن ابي بكر غفر الله لهم ... رويت القصيدة المباركة الموسومة بالكواكب الدرية المسماة بالبردة النبوية المنسوبة الى الامام العلامة ابي عبد الله محمد بن سعيد الدلاصي البوصيري عن الشيخ ..."</subfield></datafield><datafield tag="500" ind1=" " ind2=" "><subfield code="a">Title from inscription on 'title page' (p.1) and colophon on p.95.</subfield></datafield><datafield tag="500" ind1=" " ind2=" "><subfield code="a">Ms. codex.</subfield></datafield><datafield tag="510" ind1="4" ind2=" "><subfield code="a">Brockelmann, C. GAL,</subfield><subfield code="c">I 264-5 (I./cmtre 12.)</subfield></datafield><datafield tag="520" ind1="8" ind2=" "><subfield code="a">Careful copy of the commentary by Aḥmad ibn Muḥammad ibn Abī Bakr al-Shīrāzī (fl.1407) on al-Būṣīrī's (d.1296?) celebrated poem in praise of the Prophet, al-Kawākib al-durrīyah fī madḥ khayr al-barīyah, widely known as al-Burdah.</subfield></datafield><datafield tag="538" ind1=" " ind2=" "><subfield code="a">Mode of access: Internet.</subfield></datafield><datafield tag="541" ind1=" " ind2=" "><subfield code="a">Acquired in 1926 from the bookseller Isaac Benjamin S.E. Yahuda via purchase transacted on his behalf by Abraham Shalom Yahuda (1877-1951), his younger brother.</subfield></datafield><datafield tag="546" ind1=" " ind2=" "><subfield code="a">Arabic.</subfield></datafield><datafield tag="561" ind1=" " ind2=" "><subfield code="a">Traces of effaced former owners' marks on upper board lining and 'title page' (p.1), including several statements and two oval seal impressions ; on verso of final leaf (p.96), waqf statement in name of Maḥmūd al-Daghastānī ( محمود الدغستاني ) son of al-Shaykh Saʻīd ibn al-Mullā ʻAbd al-Raḥīm ibn al-Mullā ʻAbd al-Karīm al-Daghastānī ( الشيخ سعيد بن الملا عبد الرحيم بن الملا عبد الكريم الدغستاني ), endowed to al-Sayyid Qāsim ibn al-Sayyid ʻAlī Daqqāq al-Dūdah [al-Dawdah ?] ( السيد قاسم بن السيد علي دقاق الدوده ) and his offspring after him and then to students, wittnessed by al-Sayyid Amīn al-Khayyāṭ ( السيد امين الخياط ) ; marginal corrections.</subfield></datafield><datafield tag="600" ind1="0" ind2="0"><subfield code="a">Muḥammad,</subfield><subfield code="c">Prophet,</subfield><subfield code="d">-632</subfield><subfield code="v">Poetry</subfield><subfield code="v">Early works to 1800.</subfield></datafield><datafield tag="600" ind1="1" ind2="0"><subfield code="a">Būṣīrī, Sharaf al-Dīn Muḥammad ibn Saʻīd,</subfield><subfield code="d">1213?-1296?</subfield><subfield code="t">Burdah.</subfield></datafield><datafield tag="650" ind1=" " ind2="0"><subfield code="a">Manuscripts, Arabic</subfield><subfield code="z">Michigan</subfield><subfield code="z">Ann Arbor.</subfield></datafield><datafield tag="700" ind1="0" ind2=" "><subfield code="6">880-05</subfield><subfield code="a">Ali bin Çek es-Seçti,</subfield><subfield code="d">fl. 1550,</subfield><subfield code="e">scribe.</subfield></datafield><datafield tag="773" ind1="0" ind2=" "><subfield code="a">Yahuda Collection.</subfield></datafield><datafield tag="880" ind1="0" ind2=" "><subfield code="6">700-05/</subfield><subfield code="a">على بن چك السچدى,</subfield><subfield code="e">ناسخ.</subfield></datafield><datafield tag="880" ind1="1" ind2="0"><subfield code="6">245-03/</subfield><subfield code="a">كتاب نزهة الطالبين,</subfield><subfield code="f">[957ه، 1550 او 1551م].</subfield></datafield><datafield tag="880" ind1="1" ind2="0"><subfield code="6">240-02/</subfield><subfield code="a">نزهة الطالبين وتحفة الراغبين</subfield></datafield><datafield tag="880" ind1="1" ind2=" "><subfield code="6">100-01/</subfield><subfield code="a">شيرازي، احمد بن محمد بن ابي بكر.</subfield></datafield><datafield tag="CID" ind1=" " ind2=" "><subfield code="a">006815133</subfield></datafield><datafield tag="DAT" ind1="0" ind2=" "><subfield code="a">20190719102638.0</subfield><subfield code="b">20190719000000.0</subfield></datafield><datafield tag="DAT" ind1="1" ind2=" "><subfield code="a">20190719090653.0</subfield><subfield code="b">2019-07-19T16:11:50Z</subfield></datafield><datafield tag="DAT" ind1="2" ind2=" "><subfield code="a">2015-10-02T18:00:03Z</subfield></datafield><datafield tag="CAT" ind1=" " ind2=" "><subfield code="a">SDR-MIU</subfield><subfield code="d">EX LIBRIS - ALEPH</subfield><subfield code="l">prepare.pl-004-008</subfield></datafield><datafield tag="FMT" ind1=" " ind2=" "><subfield code="a">BK</subfield></datafield><datafield tag="HOL" ind1=" " ind2=" "><subfield code="0">sdr-miu006815133</subfield><subfield code="a">MiU</subfield><subfield code="b">SDR</subfield><subfield code="c">MIU</subfield><subfield code="p">mdp.39015079129303</subfield><subfield code="s">MIU</subfield><subfield code="1">006815133</subfield></datafield><datafield tag="974" ind1=" " ind2=" "><subfield code="b">MIU</subfield><subfield code="c">MIU</subfield><subfield code="d">20190719</subfield><subfield code="s">lit-dlps-dc</subfield><subfield code="u">mdp.39015079129303</subfield><subfield code="y">1551</subfield><subfield code="r">pd</subfield><subfield code="q">bib</subfield><subfield code="t">non-US bib date2 &lt; 1896</subfield></datafield></record></collection>